@article{Lacourse2019,
  doi       = {10.1016/j.jneumeth.2018.08.014},
  url       = {https://doi.org/10.1016/j.jneumeth.2018.08.014},
  year      = {2019},
  month     = mar,
  publisher = {Elsevier {BV}},
  volume    = {316},
  pages     = {3--11},
  author    = {Karine Lacourse and Jacques Delfrate and Julien Beaudry and Paul Peppard and Simon C. Warby},
  title     = {A sleep spindle detection algorithm that emulates human expert spindle scoring},
  journal   = {J. Neurosci. Methods}
}

@article{Lacourse2020,
  doi       = {10.1038/s41597-020-0533-4},
  url       = {https://doi.org/10.1038/s41597-020-0533-4},
  year      = {2020},
  month     = jun,
  publisher = {Springer Science and Business Media {LLC}},
  volume    = {7},
  number    = {1},
  pages     = {190},
  author    = {Karine Lacourse and Ben Yetton and Sara Mednick and Simon C. Warby},
  title     = {Massive online data annotation, crowdsourcing to generate high quality sleep spindle annotations from {EEG} data},
  journal   = {Sci. Data}
}

@inproceedings{Milletari2016,
  address   = {Stanford, CA, USA},
  doi       = {10.1109/3dv.2016.79},
  url       = {https://doi.org/10.1109/3dv.2016.79},
  year      = {2016},
  month     = oct,
  pages     = {565--571},
  publisher = {{IEEE}},
  author    = {Fausto Milletari and Nassir Navab and Seyed-Ahmad Ahmadi},
  title     = {V-Net: Fully Convolutional Neural Networks for Volumetric Medical Image Segmentation},
  booktitle = {4th Int. Conf. on 3D Vision ({3DV})}
}

@article{Mann1947,
  doi       = {10.1214/aoms/1177730491},
  url       = {https://doi.org/10.1214/aoms/1177730491},
  year      = {1947},
  month     = mar,
  publisher = {Institute of Mathematical Statistics},
  volume    = {18},
  number    = {1},
  pages     = {50--60},
  author    = {H. B. Mann and D. R. Whitney},
  title     = {On a Test of Whether one of Two Random Variables is Stochastically Larger than the Other},
  journal   = {Ann. Math. Stat.}
}

@book{Surowiecki2005,
  author    = {James Surowiecki},
  publisher = {Anchor Books},
  title     = {The wisdom of crowds},
  year      = {2005},
  address   = {New York}
}
